@inproceedings{zhang2010accurate,
  title={Accurate online power estimation and automatic battery behavior based power model generation for smartphones},
  author={Zhang, Lide and Tiwana, Birjodh and Qian, Zhiyun and Wang, Zhaoguang and Dick, Robert P and Mao, Zhuoqing Morley and Yang, Lei},
  booktitle={Proceedings of the eighth IEEE/ACM/IFIP international conference on Hardware/software codesign and system synthesis},
  pages={105--114},
  year={2010},
  organization={ACM}
}
@inproceedings{iosup2008performance,
  title={The performance of bags-of-tasks in large-scale distributed systems},
  author={Iosup, Alexandru and Sonmez, Ozan and Anoep, Shanny and Epema, Dick},
  booktitle={Proceedings of the 17th international symposium on High performance distributed computing},
  pages={97--108},
  year={2008},
  organization={ACM}
}

@inproceedings{ristanovic2011energy,
  title={Energy efficient offloading of 3G networks},
  author={Ristanovic, Nikodin and Boudec, Jean-Yves Le and Chaintreau, Augustin and Erramilli, Vijay},
  booktitle={Mobile Adhoc and Sensor Systems (MASS), 2011 IEEE 8th International Conference on},
  pages={202--211},
  year={2011},
  organization={IEEE}
}

@inproceedings{wen2012energy,
  title={Energy-optimal mobile application execution: Taming resource-poor mobile devices with cloud clones},
  author={Wen, Yonggang and Zhang, Weiwen and Luo, Haiyun},
  booktitle={INFOCOM, 2012 Proceedings IEEE},
  pages={2716--2720},
  year={2012},
  organization={IEEE}
}

 @inproceedings{zafer2007minimum,
  title={Minimum energy transmission over a wireless fading channel with packet deadlines},
  author={Zafer, Murtaza and Modiano, Eytan},
  booktitle={Decision and Control, 2007 46th IEEE Conference on},
  pages={1148--1155},
  year={2007},
  organization={IEEE}
}

@inproceedings{barbarossa2013joint,
  title={Joint allocation of computation and communication resources in multiuser mobile cloud computing},
  author={Barbarossa, Sergio and Sardellitti, Stefania and Di Lorenzo, Paolo},
  booktitle={Signal Processing Advances in Wireless Communications (SPAWC), 2013 IEEE 14th Workshop on},
  pages={26--30},
  year={2013},
  organization={IEEE}
}

@book{rabaey2002digital,
  title={Digital integrated circuits},
  author={Rabaey, Jan M and Chandrakasan, Anantha P and Nikolic, Borivoje},
  volume={2},
  year={2002},
  publisher={Prentice hall Englewood Cliffs}
}
@article{miettinen2010energy,
  title={Energy Efficiency of Mobile Clients in Cloud Computing.},
  author={Miettinen, Antti P and Nurminen, Jukka K},
  journal={HotCloud},
  volume={10},
  pages={4--4},
  year={2010}
}

@inproceedings{zhang2013energy,
  title={Energy-efficient scheduling policy for collaborative execution in mobile cloud computing},
  author={Zhang, Weiwen and Wen, Yonggang and Wu, Dapeng Oliver},
  booktitle={INFOCOM, 2013 Proceedings IEEE},
  pages={190--194},
  year={2013},
  organization={IEEE}
}
@inproceedings{zafer2007minimum,
  title={Minimum energy transmission over a wireless fading channel with packet deadlines},
  author={Zafer, Murtaza and Modiano, Eytan},
  booktitle={Decision and Control, 2007 46th IEEE Conference on},
  pages={1148--1155},
  year={2007},
  organization={IEEE}
}
@article{neely2005dynamic,
  title={Dynamic power allocation and routing for time-varying wireless networks},
  author={Neely, Michael J and Modiano, Eytan and Rohrs, Charles E},
  journal={Selected Areas in Communications, IEEE Journal on},
  volume={23},
  number={1},
  pages={89--103},
  year={2005},
  publisher={IEEE}
}

@article{zhang2013energy,
  title={Energy-optimal mobile cloud computing under stochastic wireless channel},
  author={Zhang, Weiwen and Wen, Yonggang and Guan, Ke and Kilper, Dan and Luo, Haiyun and Wu, Dapeng Oliver},
  journal={Wireless Communications, IEEE Transactions on},
  volume={12},
  number={9},
  pages={4569--4581},
  year={2013},
  publisher={IEEE}
}

@article{arabnejad2016low,
  title={Low-time complexity budget--deadline constrained workflow scheduling on heterogeneous resources},
  author={Arabnejad, Hamid and Barbosa, Jorge G and Prodan, Radu},
  journal={Future Generation Computer Systems},
  volume={55},
  pages={29--40},
  year={2016},
  publisher={Elsevier}
}